<record><leader>00000cas a22000007a 4500</leader><controlfield tag="001">15242470</controlfield><controlfield tag="008">870226d186518uumsudn ne      0    0eng d</controlfield><datafield ind1=" " ind2=" " tag="010"><subfield code="a">sn 86090818 </subfield></datafield><datafield ind1=" " ind2=" " tag="040"><subfield code="a">PPM</subfield><subfield code="b">eng</subfield><subfield code="c">PPM</subfield><subfield code="d">DLC</subfield><subfield code="d">MSJ</subfield><subfield code="d">NLG</subfield><subfield code="d">OCLCQ</subfield></datafield><datafield ind1=" " ind2=" " tag="042"><subfield code="a">msc</subfield></datafield><datafield ind1="0" ind2="0" tag="245"><subfield code="a">Aberdeen daily sunny South.</subfield></datafield><datafield ind1="1" ind2="3" tag="246"><subfield code="a">Daily sunny South</subfield></datafield><datafield ind1=" " ind2=" " tag="260"><subfield code="a">Aberdeen, Miss. :</subfield><subfield code="b">A.H. Boyd and Bro.</subfield></datafield><datafield ind1=" " ind2=" " tag="310"><subfield code="a">Daily (except Sun.)</subfield></datafield><datafield ind1="1" ind2=" " tag="362"><subfield code="a">Began in 1865?</subfield></datafield><datafield ind1=" " ind2=" " tag="588"><subfield code="a">Description based on: Vol. 2, no. 83 (Jan. 4, 1867).</subfield></datafield><datafield ind1=" " ind2=" " tag="752"><subfield code="a">United States</subfield><subfield code="b">Mississippi</subfield><subfield code="c">Monroe</subfield><subfield code="d">Aberdeen.</subfield></datafield><datafield ind1="1" ind2=" " tag="775"><subfield code="t">Aberdeen weekly sunny South</subfield><subfield code="w">(OCoLC)17000928</subfield></datafield></record>